@article{costa2007surviving,
  title={Surviving andersonville: The benefits of social networks in POW camps},
  author={Costa, Dora L and Kahn, Matthew E},
  journal={The American Economic Review},
  volume={97},
  number={4},
  pages={1467--1487},
  year={2007},
  publisher={JSTOR},
}

@article{morris1998unique,
  title={Unique equilibrium in a model of self-fulfilling currency attacks},
  author={Morris, Stephen and Shin, Hyun Song},
  journal={American Economic Review},
  pages={587--597},
  year={1998},
  publisher={JSTOR},
}